@incollection{Walsh,
  publisher = {Springer Berlin Heidelberg},
  pages = {265--439},
  author = {John B. Walsh},
  title = {An introduction to stochastic partial differential equations},
  year = {1986},
  booktitle = {Lecture Notes in Mathematics}
}

@book{lawrenceevans2010,
 Author = {Lawrence C. Evans},
 title = {Partial Differential Equations: Second Edition},
 publisher = {American Mathematical Society},
 year = {2010}
}

@book{walterrudin1991,
 Author = {Walter Rudin},
 title = {Functional Analysis},
 publisher = {McGraw-Hill Science/Engineering/Math},
 year = {1991}
}

@incollection{Hida2001,
  year = {2001},
  publisher = {World Scientific},
  pages = {1--46},
  author = {Takeyuki Hida},
  title = {Analysis of Brownian functionals},
  booktitle = {Selected Papers of Takeyuki Hida},
  editors = {L Accardi and H H Kuo and N Obata and K Sait{\^{o}} and Si Si and L Streit}
}

@book{hui-hsiungkuo1996,
 Author = {Hui-Hsiung Kuo},
 title = {White Noise Distribution Theory},
 publisher = {CRC Press},
 year = {1996}
}

@book{h.kuo1975,
 Author = {Hui-Hsiung Kuo},
 title = {Gaussian Measures in Banach Spaces},
 publisher = {Springer},
 year = {1975}
}

@article{kuo1972,
author = "Kuo, Hui Hsiung",
fjournal = "Pacific Journal of Mathematics",
journal = "Pacific J. Math.",
number = "2",
pages = "469--483",
publisher = "Pacific Journal of Mathematics",
title = "Stochastic integrals in abstract Wiener space.",
volume = "41",
year = "1972"
}

@book{giuliadinunno2009,
 Author = {Giulia Di Nunno and Bernt {\O}ksendal and Frank Proske},
 title = {Malliavin Calculus for Lévy Processes with Applications to Finance},
 publisher = {Springer Berlin Heidelberg},
 year = {2009}
}

@book{helgeholden2009,
 Author = {Helge Holden and Bernt {\O}ksendal and Jan Uboe and Tusheng Zhang},
 title = {Stochastic Partial Differential Equations: A Modeling, White Noise Functional Approach},
 publisher = {Springer},
 year = {2009}
}

@book{davidnualart2006,
 Author = {David Nualart},
 title = {The Malliavin Calculus and Related Topics},
 publisher = {Springer},
 year = {2006}
}

@book{harkrishanlalvasudeva2017,
 Author = {Harkrishan Lal Vasudeva},
 title = {Elements of Hilbert Spaces and Operator Theory},
 publisher = {Springer},
 year = {2017}
}

@book{avnerfriedman2005,
 Author = {Avner Friedman},
 title = {Generalized Functions and Partial Differential Equations},
 publisher = {Dover Publications},
 year = {2005}
}

@book{michaellynch1998,
 Author = {Michael Lynch and Bruce Walsh},
 title = {Genetics and Analysis of Quantitative Traits},
 publisher = {Sinauer Associates is an imprint of Oxford University Press},
 year = {1998}
}

@book{brucewalsh2018,
 Author = {Bruce Walsh and Michael Lynch},
 title = {Evolution and Selection of Quantitative Traits},
 publisher = {Oxford University Press},
 year = {2018}
}

@article{Brger1986,
  year = {1986},
  publisher = {Springer Nature},
  volume = {24},
  number = {3},
  pages = {341--351},
  author = {Reinhard B\"{u}rger},
  title = {On the maintenance of genetic variation: global analysis of Kimura{\textquotesingle}s continuum-of-alleles model},
  journal = {Journal of Mathematical Biology}
}

@book{markmcpeek2017,
 Author = {Mark A. McPeek},
 title = {Evolutionary Community Ecology},
 publisher = {Princeton University Press},
 year = {2017},
}

@book{joanroughgarden1979,
 Author = {Joan Roughgarden},
 title = {Theory of population genetics and evolutionary ecology: An introduction},
 publisher = {Macmillan},
 year = {1979},
}

@book{hida1980,
 Author = {T. Hida},
 title = {Brownian Motion},
 publisher = {Springer},
 year = {1980},
}

@book{gerdgrubb2008,
 Author = {Gerd Grubb},
 title = {Distributions and Operators},
 publisher = {Springer},
 year = {2008},
}

@book{michelloreau2010,
 Author = {Michel Loreau},
 title = {From Populations to Ecosystems: Theoretical Foundations for a New Ecological Synthesis},
 publisher = {Princeton University Press},
 year = {2010},
}

@article{Schuster1983,
  year = {1983},
  publisher = {Elsevier {BV}},
  volume = {100},
  number = {3},
  pages = {533--538},
  author = {Peter Schuster and Karl Sigmund},
  title = {Replicator dynamics},
  journal = {Journal of Theoretical Biology}
}

@article{PAGE2002,
  year = {2002},
  publisher = {Elsevier {BV}},
  volume = {219},
  number = {1},
  pages = {93--98},
  author = {Karen M. Page and Martin A. Nowak},
  title = {Unifying Evolutionary Dynamics},
  journal = {Journal of Theoretical Biology}
}

@article{Govaert2018,
  year = {2018},
  publisher = {Wiley},
  author = {Lynn Govaert and Emanuel A. Fronhofer and S{\'{e}}bastien Lion and Christophe Eizaguirre and Dries Bonte and Martijn Egas and Andrew P. Hendry and Ayana De Brito Martins and Carlos J. Meli{\'{a}}n and Joost A. M. Raeymaekers and Irja I. Ratikainen and Bernt-Erik Saether and Jennifer A. Schweitzer and Blake Matthews},
  title = {Eco-evolutionary feedbacks{\textemdash}Theoretical models and perspectives},
  journal = {Functional Ecology}
}

@book{958744,
   title =     {White Noise: An Infinite Dimensional Calculus},
   author =    {Takeyuki Hida, Hui-Hsiung Kuo, Jürgen Potthoff, Ludwig Streit},
   publisher = {Springer Netherlands},
   isbn =      {978-90-481-4260-6,978-94-017-3680-0},
   year =      {1993},
   series =    {Mathematics and Its Applications 253},
}

@article{Lion2018,
  year = {2018},
  publisher = {University of Chicago Press},
  volume = {191},
  number = {1},
  pages = {21--44},
  author = {S{\'{e}}bastien Lion},
  title = {Theoretical Approaches in Evolutionary Ecology: Environmental Feedback as a Unifying Perspective},
  journal = {The American Naturalist}
}

@book{DaPrato2014,
  year = {2014},
  publisher = {Cambridge University Press},
  author = {Giuseppe {Da Prato} and Jerzy Zabczyk},
  title = {Stochastic Equations in Infinite Dimensions}
}

@book{Accardi2001,
  year = {2001},
  publisher = {World Scientific},
  author = {L Accardi and H H Kuo and N Obata and K Sait{\^{o}} and Si Si and L Streit},
  title = {Selected Papers of Takeyuki Hida}
}

@book{goranagren1998,
 Author = {Goran I. Agren},
 title = {Theoretical Ecosystem Ecology: Understanding Element Cycles},
 publisher = {Cambridge University Press},
 year = {1998}
}

@article{Rudman2017,
  year = {2017},
  publisher = {Springer Nature},
  volume = {2},
  number = {1},
  pages = {9--15},
  author = {Seth M. Rudman and Matthew A. Barbour and Katalin Csill{\'{e}}ry and Phillip Gienapp and Frederic Guillaume and Nelson G. Hairston Jr and Andrew P. Hendry and Jesse R. Lasky and Marina Rafajlovi{\'{c}} and Katja R\"{a}s\"{a}nen and Paul S. Schmidt and Ole Seehausen and Nina O. Therkildsen and Martin M. Turcotte and Jonathan M. Levine},
  title = {What genomic data can reveal about eco-evolutionary dynamics},
  journal = {Nature Ecology {\&} Evolution}
}

@book{jeffreyconner2004,
 Author = {Jeffrey K. Conner},
 title = {A Primer of Ecological Genetics},
 description = {A Primer of Ecological Genetics},
 publisher = {Sinauer Associates},
 year = {2004}
}

@article{Fitzpatrick2017,
  year = {2017},
  publisher = {Wiley},
  volume = {41},
  number = {7},
  pages = {1135--1146},
  author = {Connor R. Fitzpatrick and Anna V. Mikhailitchenko and Daniel N. Anstett and Marc T. J. Johnson},
  title = {The influence of range-wide plant genetic variation on soil invertebrate communities},
  journal = {Ecography}
}

@article{Fitzpatrick2015,
  year = {2015},
  publisher = {Wiley},
  volume = {96},
  number = {10},
  pages = {2632--2642},
  author = {Connor R. Fitzpatrick and Anurag A. Agrawal and Nathan Basiliko and Amy P. Hastings and Marney E. Isaac and Michael Preston and Marc T. J. Johnson},
  title = {The importance of plant genotype and contemporary evolution for terrestrial ecosystem processes},
  journal = {Ecology}
}

@article{AbdalaRoberts2014,
  year = {2014},
  publisher = {Wiley},
  volume = {95},
  number = {10},
  pages = {2879--2893},
  author = {Luis Abdala-Roberts and Kailen A. Mooney},
  title = {Ecological and evolutionary consequences of plant genotype diversity in a tri-trophic system},
  journal = {Ecology}
}

@article{Crutsinger2015,
  year = {2015},
  publisher = {Wiley},
  volume = {210},
  number = {1},
  pages = {65--70},
  author = {Gregory M. Crutsinger},
  title = {A community genetics perspective: opportunities for the coming decade},
  journal = {New Phytologist}
}

@article{DeMeester2018,
  year = {2018},
  publisher = {Wiley},
  author = {Luc De Meester and Kristien I. Brans and Lynn Govaert and Caroline Souffreau and Shinjini Mukherjee and H{\'{e}}l{\'{e}}ne Vanvelk and Konrad Korzeniowski and Laurens Kilsdonk and Ellen Decaestecker and Robby Stoks and Mark C. Urban},
  title = {Analyzing eco-evolutionary dynamics - the challenging complexity of the real world},
  journal = {Functional Ecology}
}

@incollection{Mubayi2019,
  year = {2019},
  publisher = {Elsevier},
  pages = {157--193},
  author = {Anuj Mubayi and Christopher Kribs and Viswanathan Arunachalam and Carlos Castillo-Chavez},
  title = {Studying Complexity and Risk Through Stochastic Population Dynamics: Persistence,  Resonance,  and Extinction in Ecosystems},
  booktitle = {Handbook of Statistics}
}

@book{9783540047582,
  Author = {Bernt {\O}ksendal},
  Title = {Stochastic Differential Equations: An Introduction with Applications},
  Publisher = {Springer},
  Year = {2014}
}

@article{Skovmand2018,
  year = {2018},
  publisher = {Elsevier {BV}},
  volume = {33},
  number = {9},
  pages = {689--700},
  author = {Lotte H. Skovmand and Charles C.Y. Xu and Maria R. Servedio and Patrik Nosil and Rowan D.H. Barrett and Andrew P. Hendry},
  title = {Keystone Genes},
  journal = {Trends in Ecology {\&} Evolution}
}

@article{VanNuland2019,
  year = {2019},
  publisher = {Wiley},
  volume = {33},
  number = {1},
  pages = {95--106},
  author = {Michael E. Van Nuland and Ian M. Ware and Joseph K. Bailey and Jennifer A. Schweitzer},
  editor = {Franziska Brunner},
  title = {Ecosystem feedbacks contribute to geographic variation in plant-soil eco-evolutionary dynamics across a fertility gradient},
  journal = {Functional Ecology}
}

@article{FUSSMANN2007,
  year = {2007},
  publisher = {Wiley},
  volume = {21},
  number = {3},
  pages = {465--477},
  author = {G. F. Fussman and M. Loreau and P. A. Abrams},
  title = {Eco-evolutionary dynamics of communities and ecosystems},
  journal = {Functional Ecology}
}

@article{Kimura1965,
  year = {1965},
  publisher = {Proceedings of the National Academy of Sciences},
  volume = {54},
  number = {3},
  pages = {731--736},
  author = {M. Kimura},
  title = {A stochastic model concerning the maintenance of genetic variability in quantitative characters.},
  journal = {Proceedings of the National Academy of Sciences}
}

@article{Robertson1966,
  year = {1966},
  publisher = {Cambridge University Press},
  volume = {8},
  number = {1},
  pages = {95--108},
  author = {Alan Robertson},
  title = {A mathematical model of the culling process in dairy cattle},
  journal = {Animal Science}
}

@article{PRICE1970,
  year = {1970},
  publisher = {Springer Nature},
  volume = {227},
  number = {5257},
  pages = {520--521},
  author = {George R. Price},
  title = {Selection and Covariance},
  journal = {Nature}
}

@article{Queller2017,
  year = {2017},
  publisher = {University of Chicago Press},
  volume = {189},
  number = {4},
  pages = {345--353},
  author = {David C. Queller},
  title = {Fundamental Theorems of Evolution},
  journal = {The American Naturalist}
}

@article{Taylor1978,
  year = {1978},
  publisher = {Elsevier {BV}},
  volume = {40},
  number = {1-2},
  pages = {145--156},
  author = {Peter D. Taylor and Leo B. Jonker},
  title = {Evolutionary stable strategies and game dynamics},
  journal = {Mathematical Biosciences}
}

@book{9781932846126,
  Author = {James F. Crow and Motoo Kimura},
  Title = {An Introduction to Population Genetics Theory},
  Publisher = {The Blackburn Press},
  Year = {1970}
}

@book{9780674023383,
  Author = {Martin A. Nowak},
  Title = {Evolutionary Dynamics: Exploring the Equations of Life},
  Publisher = {Belknap Press},
  Year = {2006},
}

@book{9781107648258,
  Author = {Göran I. Ågren and Folke O. Andersson},
  Title = {Terrestrial Ecosystem Ecology: Principles and Applications},
  Publisher = {Cambridge University Press},
  Year = {2012}
}

@book{9780226684642,
  Author = {William B. Provine},
  Title = {The Origins of Theoretical Population Genetics},
  Publisher = {University of Chicago Press},
  Year = {2001}
}

@book{9780691023823,
  Author = {Robert H. MacArthur},
  Title = {Geographical Ecology},
  Publisher = {Princeton University Press},
  Year = {1972}
}

@book{9780226101804,
  Author = {Jonathan M. Chase and Mathew A. Leibold},
  Title = {Ecological Niches: Linking Classical and Contemporary Approaches},
  Publisher = {University of Chicago Press},
  Year = {2003}
}

@book{9780691088365,
  Author = {Robert H. MacArthur and Edward O. Wilson},
  Title = {The Theory of Island Biogeography},
  Publisher = {Princeton University Press},
  Year = {2001}
}

@book{9780060412029,
  Author = {Ted J. Case and Jared Diamond},
  Title = {Community Ecology},
  Publisher = {Harpercollins College Div},
  Year = {1986}
}

@book{9780674224445,
  Author = {Martin Cody and Jared Diamond},
  Title = {Ecology and Evolution of Communities (Belknap Press S)},
  Publisher = {Belknap Press},
  Year = {1975}
}

@article{Dawson1972,
  year = {1972},
  publisher = {Elsevier {BV}},
  volume = {15},
  number = {3-4},
  pages = {287--316},
  author = {Donald A. Dawson},
  title = {Stochastic evolution equations},
  journal = {Mathematical Biosciences}
}

@article{Dawson1975,
  year = {1975},
  publisher = {Elsevier {BV}},
  volume = {5},
  number = {1},
  pages = {1--52},
  author = {Donald A. Dawson},
  title = {Stochastic evolution equations and related measure processes},
  journal = {Journal of Multivariate Analysis}
}

@incollection{Fleming1975,
  year = {1975},
  publisher = {Springer Berlin Heidelberg},
  pages = {179--191},
  author = {Wendell H. Fleming},
  title = {Distributed Parameter Stochastic Systems in Population Biology},
  booktitle = {Lecture Notes in Economics and Mathematical Systems}
}

@book{Etheridge2011,
  year = {2011},
  publisher = {Springer Berlin Heidelberg},
  author = {Alison Etheridge},
  title = {Some Mathematical Models from Population Genetics}
}

@article{fleming79,
 author = {Wendell H. Fleming and Michel Viot},
 journal = {Indiana University Mathematics Journal},
 number = {5},
 pages = {817--843},
 publisher = {Indiana University Mathematics Department},
 title = {Some Measure-Valued Markov Processes in Population Genetics Theory},
 volume = {28},
 year = {1979}
}

@misc{Barton2019,
  year = {2019},
  publisher = {Wiley},
  pages = {115--20},
  author = {Nick Barton and Alison Etheridge},
  title = {Mathematical Models in Population Genetics}
}

@article{Felsenstein1975,
  year = {1975},
  publisher = {University of Chicago Press},
  volume = {109},
  number = {967},
  pages = {359--368},
  author = {Joseph Felsenstein},
  title = {A Pain in the Torus: Some Difficulties with Models of Isolation by Distance},
  journal = {The American Naturalist}
}

@inproceedings{Etheridge2008,
  year = {2008},
  publisher = {Institute of Mathematics Polish Academy of Sciences},
  author = {Alison M. Etheridge},
  title = {Drift,  draft and structure: some mathematical models of evolution},
  booktitle = {Stochastic Models in Biological Sciences}
}

@article{Barton2010,
  year = {2010},
  publisher = {Institute of Mathematical Statistics},
  volume = {15},
  number = {0},
  pages = {162--216},
  author = {Nick Barton and Alison Etheridge and Amandine V{\'{e}}ber},
  title = {A New Model for Evolution in a Spatial Continuum},
  journal = {Electronic Journal of Probability}
}

@article{Barton2013,
  year = {2013},
  publisher = {{IOP} Publishing},
  volume = {2013},
  number = {01},
  pages = {P01002},
  author = {Nick Barton and Alison Etheridge and Amandine V{\'{e}}ber},
  title = {Modelling evolution in a spatial continuum},
  journal = {Journal of Statistical Mechanics: Theory and Experiment}
}

@article{MacArthur1958,
  year = {1958},
  publisher = {Wiley},
  volume = {39},
  number = {4},
  pages = {599--619},
  author = {Robert H. MacArthur},
  title = {Population Ecology of Some Warblers of Northeastern Coniferous Forests},
  journal = {Ecology}
}

@article{MAY1972,
  year = {1972},
  publisher = {Springer Nature},
  volume = {238},
  number = {5364},
  pages = {413--414},
  author = {Robert M. May},
  title = {Will a Large Complex System be Stable?},
  journal = {Nature}
}

@article{Hutchinson1957,
  year = {1957},
  publisher = {Cold Spring Harbor Laboratory},
  volume = {22},
  number = {0},
  pages = {415--427},
  author = {G. E. Hutchinson},
  title = {Concluding Remarks},
  journal = {Cold Spring Harbor Symposia on Quantitative Biology}
}

@article{Lande1976,
  year = {1976},
  publisher = {Wiley},
  volume = {30},
  number = {2},
  pages = {314--334},
  author = {Russell Lande},
  title = {Natural Selection and Random Genetic Drift in Phenotypic Evolution},
  journal = {Evolution}
}

@book{Ewens2004,
  year = {2004},
  publisher = {Springer New York},
  author = {Warren J. Ewens},
  title = {Mathematical Population Genetics}
}

@article{Taper1985,
  year = {1985},
  publisher = {Wiley},
  volume = {66},
  number = {2},
  pages = {355--371},
  author = {Mark L. Taper and Ted J. Chase},
  title = {Quantitative Genetic Models for the Coevolution of Character Displacement},
  journal = {Ecology}
}

@article{Levin1977,
  year = {1977},
  publisher = {University of Chicago Press},
  volume = {111},
  number = {980},
  pages = {657--675},
  author = {Simon A. Levin and J. Daniel Udovic},
  title = {A Mathematical Model of Coevolving Populations},
  journal = {The American Naturalist}
}

@article{Roughgarden1976,
  year = {1976},
  publisher = {Elsevier {BV}},
  volume = {9},
  number = {3},
  pages = {388--424},
  author = {Joan Roughgarden},
  title = {Resource partitioning among competing species: A coevolutionary approach},
  journal = {Theoretical Population Biology}
}

@Article{pmid17248993,
   Author="Russell Lande",
   Title="{{T}he {G}enetic {C}ovariance between {C}haracters {M}aintained by {P}leiotropic {M}utations}",
   Journal="Genetics",
   Year="1980",
   Volume="94",
   Number="1",
   Pages="203--215"
}

@book{9780470990452,
  Author = {Wen-Hsiung Li},
  Title = {Stochastic Models in Population Genetics},
  Publisher = {John Wiley \& Sons Inc},
  Year = {1977},
}

@article{Lotka1920,
  year = {1920},
  publisher = {Proceedings of the National Academy of Sciences},
  volume = {6},
  number = {7},
  pages = {410--415},
  author = {Alfred J. Lotka},
  title = {Analytical Note on Certain Rhythmic Relations in Organic Systems},
  journal = {Proceedings of the National Academy of Sciences}
}

@article{Volterra1928,
  year = {1928},
  publisher = {Oxford University Press ({OUP})},
  volume = {3},
  number = {1},
  pages = {3--51},
  author = {V. Volterra},
  title = {Variations and Fluctuations of the Number of Individuals in Animal Species living together},
  journal = {{ICES} Journal of Marine Science}
}

@book{9780195092714,
  Author = {John H. Gillespie},
  Title = {The Causes of Molecular Evolution (Oxford Series in Ecology and Evolution)},
  Publisher = {Oxford University Press},
  Year = {1994}
}

@book{9780470941171,
  Author = {Robert Harding Whittaker},
  Title = {Niche: Theory and Application},
  Publisher = {Dowden, Hutchinson & Ross},
  Year = {1975}
}

@Article{pmid17246615,
   Author="Wright, S. ",
   Title="{{E}volution in {M}endelian {P}opulations}",
   Journal="Genetics",
   Year="1931",
   Volume="16",
   Number="2",
   Pages="97--159"
}

@article{Fisher1919,
  year = {1919},
  publisher = {Cambridge University Press ({CUP})},
  volume = {52},
  number = {2},
  pages = {399--433},
  author = {R. A. Fisher},
  title = {{XV}.{\textemdash}The Correlation between Relatives on the Supposition of Mendelian Inheritance.},
  journal = {Transactions of the Royal Society of Edinburgh}
}

@article{Haldane1927,
  year = {1927},
  publisher = {Cambridge University Press ({CUP})},
  volume = {23},
  number = {5},
  pages = {607--615},
  author = {J. B. S. Haldane},
  title = {A mathematical theory of Natural and Artificial Selection},
  journal = {Mathematical Proceedings of the Cambridge Philosophical Society}
}

@Article{pmid407132,
   Author="Russell Lande",
   Title="{{T}he influence of the mating system on the maintenance of genetic variability in polygenic characters}",
   Journal="Genetics",
   Year="1977",
   Volume="86",
   Number="2 Pt. 1",
   Pages="485--498"
}

@article{Turelli1984,
  year = {1984},
  publisher = {Elsevier},
  volume = {25},
  number = {2},
  pages = {138--193},
  author = {Michael Turelli},
  title = {Heritable genetic variation via mutation-selection balance: Lerch{\textquotesingle}s zeta meets the abdominal bristle},
  journal = {Theoretical Population Biology}
}

@incollection{Turelli1986,
  year = {1986},
  publisher = {Academic Press},
  pages = {607--628},
  author = {Michael Turelli},
  title = {Gaussian versus non-Gaussian genetic analyses of polygenic mutation-selection balance},
  booktitle = {Evolutionary Processes and Theory},
  editors = {S Karlin and E Nevo}
}

@book{9780471986539,
  Author = {Reinhard Bürger},
  Title = {The Mathematical Theory of Selection, Recombination, and Mutation},
  Publisher = {Wiley},
  Year = {2000}
}

@Article{pmid7851785,
   Author="Turelli, Michael and Barton, Nick",
   Title="{{G}enetic and statistical analyses of strong selection on polygenic traits: what, me normal?}",
   Journal="Genetics",
   Year="1994",
   Volume="138",
   Number="3",
   Pages="913--941"
}


@article{milligan1985evolutionary,
  title={Evolutionary divergence and character displacement in two phenotypically-variable, competing species},
  author={Milligan, Brook G},
  journal={Evolution},
  volume={39},
  number={6},
  pages={1207--1222},
  year={1985},
  publisher={Wiley Online Library}
}

@article{Brger2004,
  year = {2004},
  publisher = {Springer Science and Business Media {LLC}},
  volume = {50},
  number = {4},
  pages = {355--396},
  author = {Reinhard B\"{u}rger},
  title = {A multilocus analysis of intraspecific competition and stabilizing selection on a quantitative trait},
  journal = {Journal of Mathematical Biology}
}

@article{Abrams2012,
  year = {2012},
  publisher = {Wiley},
  volume = {66},
  number = {10},
  pages = {3130--3143},
  author = {Peter A. Abrams},
  title = {{The} {Eco}-{Evolutionary} {Responses} {of} a {Generalist} {Consumer} {To} {Resource} {Comptetition}},
  journal = {Evolution}
}

@article{Casillas2017,
  year = {2017},
  publisher = {Genetics Society of America},
  volume = {205},
  number = {3},
  pages = {1003--1035},
  author = {S{\`{o}}nia Casillas and Antonio Barbadilla},
  title = {Molecular Population Genetics},
  journal = {Genetics}
}

@article{FRANK2012,
  year = {2012},
  publisher = {Wiley},
  volume = {25},
  number = {6},
  pages = {1002--1019},
  author = {S. A. Frank},
  title = {Natural selection. {IV}. The Price equation{\ast}},
  journal = {Journal of Evolutionary Biology}
}

@article{Larcher2013,
  year = {2013},
  publisher = {Walter de Gruyter {GmbH}},
  volume = {33},
  number = {4},
  author = {Julian Larcher},
  title = {Multiplications and convolutions in L.~Schwartz{\textquotesingle} spaces of test functions and distributions and their continuity},
  journal = {Analysis}
}

@article{Larcher2014,
  year = {2014},
  publisher = {The Belgian Mathematical Society},
  volume = {21},
  number = {5},
  pages = {887--894},
  author = {Julian Larcher and Jochen Wengenroth},
  title = {A new proof for the bornologicity of the space of slowly
		 increasing functions},
  journal = {Bulletin of the Belgian Mathematical Society - Simon Stevin}
}

@article{Kallianpur1990,
  year = {1990},
  publisher = {Informa {UK} Limited},
  volume = {29},
  number = {2},
  pages = {285--329},
  author = {G. Kallianpur and I. Mitoma and R. L. Wolpert},
  title = {Diffusion equations in duals of nuclear spaces},
  journal = {Stochastics and Stochastic Reports}
}

@article{stnel1982,
  year = {1982},
  publisher = {Elsevier {BV}},
  volume = {47},
  number = {2},
  pages = {143--152},
  author = {A.S \"{U}st\"{u}nel},
  title = {A generalization of It\^{o}'s formula},
  journal = {Journal of Functional Analysis}
}

@article{AIHPB_1982__18_2_165_0,
     author = {A.S \"{U}st\"{u}nel},
     title = {Stochastic integration on nuclear spaces and its applications},
     journal = {Annales de l'I.H.P. Probabilit\'es et statistiques},
     publisher = {Gauthier-Villars},
     volume = {18},
     number = {2},
     year = {1982},
     pages = {165-200}
}

@article{Ustunel1982,
  year = {1982},
  publisher = {Informa {UK} Limited},
  volume = {7},
  number = {4},
  pages = {255--288},
  author = {A.S \"{U}st\"{u}nel},
  title = {Some applications of stochastic integration in infinite dimensions},
  journal = {Stochastics}
}

@article{Bojdecki1989,
  year = {1989},
  publisher = {Elsevier {BV}},
  volume = {31},
  number = {1},
  pages = {40--58},
  author = {Tomasz Bojdecki and Jacek Jakubowski},
  title = {Ito stochastic integral in the dual of a nuclear space},
  journal = {Journal of Multivariate Analysis}
}

@article{Rajput1972,
  year = {1972},
  publisher = {Elsevier {BV}},
  volume = {2},
  number = {3},
  pages = {282--306},
  author = {Balram S. Rajput},
  title = {On Gaussian measures in certain locally convex spaces},
  journal = {Journal of Multivariate Analysis}
}

@article{Krylov1981,
  year = {1981},
  publisher = {Springer Science and Business Media {LLC}},
  volume = {16},
  number = {4},
  pages = {1233--1277},
  author = {N. V. Krylov and B. L. Rozovskii},
  title = {Stochastic evolution equations},
  journal = {Journal of Soviet Mathematics}
}

@book{9781470410544,
  Author = {Lawrence C. Evans},
  Title = {An Introduction to Stochastic Differential Equations},
  Publisher = {American Mathematical Society},
  Year = {2014}
}

@INPROCEEDINGS{Karczewska99stochasticpdes,
    author = {Anna Karczewska and Jerzy Zabczyk},
    title = {Stochastic PDEs with function-valued solutions},
    booktitle = {In Infinite Dimensional Stochastic Analysis Amsterdam},
    year = {1999}
}

@article{Peszat1997,
  year = {1997},
  publisher = {Elsevier {BV}},
  volume = {72},
  number = {2},
  pages = {187--204},
  author = {Szymon Peszat and Jerzy Zabczyk},
  title = {Stochastic evolution equations with a spatially homogeneous Wiener process},
  journal = {Stochastic Processes and their Applications}
}

@article{Dawson1980,
  year = {1980},
  publisher = {Elsevier {BV}},
  volume = {10},
  number = {2},
  pages = {141--180},
  author = {Donald A. Dawson and Habib Salehi},
  title = {Spatially homogeneous random evolutions},
  journal = {Journal of Multivariate Analysis}
}

@article{Sturm2003,
  year = {2003},
  publisher = {Institute of Mathematical Statistics},
  volume = {8},
  number = {0},
  author = {Anja Sturm},
  title = {On Convergence of Population Processes in Random Environments to the Stochastic Heat Equation with Colored Noise},
  journal = {Electronic Journal of Probability}
}

@article{Konno1988,
  year = {1988},
  publisher = {Springer Nature},
  volume = {79},
  number = {2},
  pages = {201--225},
  author = {N. Konno and T. Shiga},
  title = {Stochastic partial differential equations for some measure-valued diffusions},
  journal = {Probability Theory and Related Fields}
}

@article{Reimers1989,
  year = {1989},
  publisher = {Springer Nature},
  volume = {81},
  number = {3},
  pages = {319--340},
  author = {Mark Reimers},
  title = {One dimensional stochastic partial differential equations and the branching measure diffusion},
  journal = {Probability Theory and Related Fields}
}

@article{Nuismer2019,
  year = {2019},
  publisher = {Public Library of Science ({PLoS})},
  volume = {15},
  number = {4},
  pages = {e1006988},
  author = {Scott L. Nuismer and Bob Week},
  title = {Approximate Bayesian estimation of coevolutionary arms races},
  journal = {{PLOS} Computational Biology}
}

@article{Week2019,
  year = {2019},
  publisher = {Wiley},
  volume = {22},
  number = {4},
  pages = {717--725},
  author = {Bob Week and Scott L. Nuismer},
  title = {The measurement of coevolution in the wild},
  journal = {Ecology Letters}
}

@article{Kimura1978,
  year = {1978},
  publisher = {Proceedings of the National Academy of Sciences},
  volume = {75},
  number = {12},
  pages = {6168--6171},
  author = {M. Kimura and J. F. Crow},
  title = {Effect of overall phenotypic selection on genetic change at individual loci.},
  journal = {Proceedings of the National Academy of Sciences}
}

@article{Macarthur1967,
  year = {1967},
  publisher = {University of Chicago Press},
  volume = {101},
  number = {921},
  pages = {377--385},
  author = {Robert H. MacArthur and Richard Levins},
  title = {The Limiting Similarity,  Convergence,  and Divergence of Coexisting Species},
  journal = {The American Naturalist}
}

@book{9780691080628,
  Author = {Richard Levins},
  Title = {Evolution in Changing Environments: Some Theoretical Explorations. (MPB-2) (Monographs in Population Biology)},
  Publisher = {Princeton University Press},
  Year = {1968}
}

@article{Arthur1969,
  year = {1969},
  publisher = {Proceedings of the National Academy of Sciences},
  volume = {64},
  number = {4},
  pages = {1369--1371},
  author = {Robert H. MacArthur},
  title = {{Species} {Packing},  {and} {what} {Competition} {Minimizes}},
  journal = {Proceedings of the National Academy of Sciences}
}

@article{MacArthur1970,
  year = {1970},
  publisher = {Elsevier {BV}},
  volume = {1},
  number = {1},
  pages = {1--11},
  author = {Robert H. MacArthur},
  title = {Species packing and competitive equilibrium for many species},
  journal = {Theoretical Population Biology}
}

@incollection{Lande2003,
  year = {2003},
  publisher = {Oxford University Press},
  pages = {1--24},
  author = {Russell Lande and Steinar Engen and Bernt-Erik S{\AE}ther},
  title = {Demographic and environmental stochasticity},
  booktitle = {Stochastic Population Dynamics in Ecology and Conservation}
}

@book{9780821827833,
  Author = {Elliott H. Lieb and Michael Loss},
  Title = {Analysis (Graduate Studies in Mathematics)},
  Publisher = {American Mathematical Society},
  Year = {2001}
}

@article{bezanson2017julia,
  title={Julia: A fresh approach to numerical computing},
  author={Bezanson, Jeff and Edelman, Alan and Karpinski, Stefan and Shah, Viral B},
  journal={SIAM review},
  volume={59},
  number={1},
  pages={65--98},
  year={2017},
  publisher={SIAM}
}

@article{Turelli2017,
  year = {2017},
  month = dec,
  publisher = {Elsevier {BV}},
  volume = {118},
  pages = {46--49},
  author = {Michael Turelli},
  title = {Commentary: Fisher's infinitesimal model: A story for the ages},
  journal = {Theoretical Population Biology}
}

@article{Perkins1992,
  year = {1992},
  month = jun,
  publisher = {Springer Science and Business Media {LLC}},
  volume = {94},
  number = {2},
  pages = {189--245},
  author = {Edwin A. Perkins},
  title = {Measure-valued branching diffusions with spatial interactions},
  journal = {Probability Theory and Related Fields}
}

@book{alisonetheridge2000,
 Author = {Alison M. Etheridge},
 title = {An Introduction to Superprocesses},
 publisher = {American Mathematical Society},
 year = {2000},
 month = {aug}
}

@article{zeng1998absolute,
  title={Absolute Continuity of Measure Branching Processes With Interaction},
  author={Li, Zeng-Hu},
  journal={Chinese Journal of Applied Probability and Statistics},
  volume={14},
  pages={231--242},
  year={1998},
  publisher={Citeseer}
}

@book{vladimirbogachev1998,
 Author = {Vladimir I. Bogachev},
 title = {Gaussian Measures},
 publisher = {American Mathematical Society},
 year = {1998},
 month = {mar}
}

@article{Bertoin2003,
  year = {2003},
  month = jun,
  publisher = {Springer Science and Business Media},
  volume = {126},
  number = {2},
  pages = {261--288},
  author = {Jean Bertoin and Jean-François {Le Gall}},
  title = {Stochastic flows associated to coalescent processes},
  journal = {Probability Theory and Related Fields}
}

@incollection{zhao1997interacting,
  title={On the Interacting Measure-Valued Branching Processes},
  author={Zhao, Xuelei},
  booktitle={Stochastic Differential and Difference Equations},
  pages={345--353},
  year={1997},
  publisher={Springer}
}

@incollection{dawson1993measure,
  title={Measure-valued Markov processes},
  author={Donald A. Dawson},
  booktitle={{\'E}cole d'{\'e}t{\'e} de Probabilit{\'e}s de Saint-Flour XXI-1991},
  pages={1--260},
  year={1993},
  publisher={Springer}
}

@article{xuelei1997absolute,
  title={Absolute Continuity for Interacting Measure-Valued Branching Brownian Motions},
  author={Zhao, Xuelei},
  journal={Chinese Annals of Mathematics},
  volume={18},
  number={1},
  pages={47--54},
  year={1997},
  publisher={Shanghai, China: Shanghai Scientific and Technological Literature Pub. House~…}
}

@book{francoistreves1967,
 Author = {Francois Treves},
 title = {Topological Vector Spaces, Distributions and Kernels},
 publisher = {Academic Press},
 year = {1967},
 month = {jul},
 isbn = {978-0126994506}
}

@book{thomascover2006,
 Author = {Thomas M. Cover},
 title = {Elements of Information Theory 2nd Edition},
 publisher = {Wiley-Interscience},
 year = {2006},
 month = {jul},
 isbn = {0471241954}
}

@book{Wainwright2019,
  year = {2019},
  month = feb,
  publisher = {Cambridge University Press},
  author = {Martin J. Wainwright},
  title = {High-Dimensional Statistics}
}

@book{Vershynin2018,
  year = {2018},
  month = sep,
  publisher = {Cambridge University Press},
  author = {Roman Vershynin},
  title = {High-Dimensional Probability}
}

@misc{1701.02434,
  Author = {Michael Betancourt},
  Title = {A Conceptual Introduction to Hamiltonian Monte Carlo},
  Year = {2017},
  Eprint = {arXiv:1701.02434},
}

@article{Bolnick2003,
  year = {2003},
  month = jan,
  publisher = {University of Chicago Press},
  volume = {161},
  number = {1},
  pages = {1--28},
  author = {Daniel~I. Bolnick and Richard Svanb\"{a}ck and James~A. Fordyce and Louie~H. Yang and Jeremy~M. Davis and C.~Darrin Hulsey and Matthew~L. Forister},
  title = {The Ecology of Individuals: Incidence and Implications of Individual Specialization},
  journal = {The American Naturalist}
}

@article{VanderZanden2010,
  year = {2010},
  month = mar,
  publisher = {The Royal Society},
  volume = {6},
  number = {5},
  pages = {711--714},
  author = {Hannah B. Vander Zanden and Karen A. Bjorndal and Kimberly J. Reich and Alan B. Bolten},
  title = {Individual specialists in a generalist population: results from a long-term stable isotope series},
  journal = {Biology Letters}
}

@article{Mlard1993,
  year = {1993},
  month = sep,
  publisher = {Informa {UK} Limited},
  volume = {44},
  number = {1-2},
  pages = {103--121},
  author={M{\'e}l{\'e}ard, M and Roelly, S},
  title = {Interacting measure branching processes. Some bounds for the support},
  journal = {Stochastics and Stochastic Reports}
}

@article{meleard1992interacting,
  title={Interacting branching measure processes},
  author={M{\'e}l{\'e}ard, M and Roelly, S},
  journal={Stochastic Partial Differential Equations and Applications (G. Da Prato and L. Tubaro, eds.)},
  pages={246--256},
  year={1992}
}

@article{Dbarre2015EvolutionOQ,
  title={Evolution of Quantitative Traits under a Migration-Selection Balance: When Does Skew Matter?},
  author={Florence D{\'e}barre and Sam Yeaman and Fr{\'e}d{\'e}ric Guillaume},
  journal={The American naturalist},
  year={2015},
  volume={186 Suppl 1},
  pages={
          S37-47
        }
}

@article{Holt1987,
  year = {1987},
  month = jan,
  publisher = {{JSTOR}},
  volume = {48},
  number = {1},
  pages = {110},
  author = {Robert D. Holt},
  title = {On the Relation between Niche Overlap and Competition: The Effect of Incommensurable Niche Dimensions},
  journal = {Oikos}
}

@article{Abrams1980,
  year = {1980},
  month = feb,
  publisher = {Wiley},
  volume = {61},
  number = {1},
  pages = {44--49},
  author = {Peter Abrams},
  title = {Some Comments on Measuring Niche Overlap},
  journal = {Ecology}
}

@book{2015,
  year = {2015},
  month = oct,
  publisher = {John Wiley {\&} Sons,  Ltd},
  editor = {Niko Balkenhol and Samuel A. Cushman and Andrew T. Storfer and Lisette P. Waits},
  title = {Landscape Genetics}
}

@book{johnendler1977,
 Author = {John A. Endler},
 title = {Geographic Variation, Speciation and Clines},
 publisher = {Princeton University Press},
 year = {1977},
 month = {sep}
}

@book{Cantrell2004,
  year = {2004},
  month = jan,
  publisher = {Wiley},
  author = {Robert Stephen Cantrell and Chris Cosner},
  title = {Spatial Ecology via Reaction-Diffusion Equations}
}

@article{Kraft2007,
  year = {2007},
  month = aug,
  publisher = {University of Chicago Press},
  volume = {170},
  number = {2},
  pages = {271--283},
  author = {Nathan~J.~B. Kraft and William~K. Cornwell and Campbell~O. Webb and David~D. Ackerly},
  title = {Trait Evolution,  Community Assembly,  and the Phylogenetic Structure of Ecological Communities},
  journal = {The American Naturalist}
}

@article{Manceau2016,
  year = {2016},
  month = dec,
  publisher = {Oxford University Press ({OUP})},
  pages = {syw115},
  author = {Marc Manceau and Amaury Lambert and H{\'{e}}l{\`{e}}ne Morlon},
  title = {A unifying comparative phylogenetic framework including traits coevolving across interacting lineages},
  journal = {Systematic Biology}
}

@article{Harmon2019,
  year = {2019},
  month = jun,
  publisher = {Wiley},
  volume = {32},
  number = {8},
  pages = {769--782},
  author = {Luke J. Harmon and Cecilia S. Andreazzi and Florence D{\'{e}}barre and Jonathan Drury and Emma E. Goldberg and Ayana B. Martins and Carlos J. Meli{\'{a}}n and Anita Narwani and Scott L. Nuismer and Matthew W. Pennell and Seth M. Rudman and Ole Seehausen and Daniele Silvestro and Marjorie Weber and Blake Matthews},
  title = {Detecting the macroevolutionary signal of species interactions},
  journal = {Journal of Evolutionary Biology}
}

@article{Pyke2014,
  year = {2014},
  month = nov,
  publisher = {Wiley},
  volume = {6},
  number = {1},
  pages = {1--16},
  author = {Graham H. Pyke},
  editor = {Luca Giuggioli},
  title = {Understanding movements of organisms: it{\textquotesingle}s time to abandon the L{\'{e}}vy foraging hypothesis},
  journal = {Methods in Ecology and Evolution}
}

@article{Klzsch2015,
  year = {2015},
  month = may,
  publisher = {The Royal Society},
  volume = {282},
  number = {1807},
  pages = {20150424},
  author = {Andrea K\"{o}lzsch and Adriana Alzate and Frederic Bartumeus and Monique de Jager and Ellen J. Weerman and Geerten M. Hengeveld and Marc Naguib and Bart A. Nolet and Johan van de Koppel},
  title = {Experimental evidence for inherent L{\'{e}}vy search behaviour in foraging animals},
  journal = {Proceedings of the Royal Society B: Biological Sciences}
}

@article{Watanabe1968,
  year = {1968},
  publisher = {Duke University Press},
  volume = {8},
  number = {1},
  pages = {141--167},
  author = {Shinzo Watanabe},
  title = {A limit theorem of branching processes and continuous state branching processes},
  journal = {Journal of Mathematics of Kyoto University}
}

@book{Harte2011,
  year = {2011},
  month = jun,
  publisher = {Oxford University Press},
  author = {John Harte},
  title = {Maximum Entropy and Ecology}
}

@book{davidtilman1982,
 Author = {David Tilman},
 title = {Resource Competition and Community Structure},
 publisher = {Princeton University Press},
 year = {1982},
 month = {aug}
}

@inproceedings{feller1951,
author = "Feller, William",
booktitle = "Proceedings of the Second Berkeley Symposium on Mathematical Statistics and Probability",
pages = "227--246",
publisher = "University of California Press",
title = "Diffusion Processes in Genetics",
year = "1951"
}

@article{Dbarre2016,
  year = {2016},
  month = apr,
  publisher = {Elsevier {BV}},
  volume = {108},
  pages = {75--88},
  author = {Florence D{\'{e}}barre and Sarah P. Otto},
  title = {Evolutionary dynamics of a quantitative trait in a finite asexual population},
  journal = {Theoretical Population Biology}
}

@book{mathewleibold2017,
 Author = {Mathew A. Leibold and Jonathan M. Chase},
 title = {Metacommunity Ecology},
 publisher = {Princeton University Press},
 year = {2017},
 month = {dec}
}

@article{Xiao2015,
  year = {2015},
  month = mar,
  publisher = {University of Chicago Press},
  volume = {185},
  number = {3},
  pages = {E70--E80},
  author = {Xiao Xiao and Daniel J. McGlinn and Ethan P. White},
  title = {A Strong Test of the Maximum Entropy Theory of Ecology},
  journal = {The American Naturalist}
}

@article{Harte2014,
  year = {2014},
  month = jul,
  publisher = {Elsevier {BV}},
  volume = {29},
  number = {7},
  pages = {384--389},
  author = {John Harte and Erica A. Newman},
  title = {Maximum information entropy: a foundation for ecological theory},
  journal = {Trends in Ecology {\&} Evolution}
}

@book{donbradshaw2003,
 Author = {Don Bradshaw},
 title = {Vertebrate Ecophysiology: An Introduction to its Principles and Applications},
 publisher = {Cambridge University Press},
 year = {2003},
 month = {jun}
}

@article{Hickerson2010,
  year = {2010},
  month = jan,
  publisher = {Elsevier {BV}},
  volume = {54},
  number = {1},
  pages = {291--301},
  author = {M.J. Hickerson and B.C. Carstens and J. Cavender-Bares and K.A. Crandall and C.H. Graham and J.B. Johnson and L. Rissler and P.F. Victoriano and A.D. Yoder},
  title = {Phylogeography's past,  present,  and future: 10 years after Avise,  2000},
  journal = {Molecular Phylogenetics and Evolution}
}

@article{Marx2017,
  year = {2017},
  month = aug,
  publisher = {Wiley},
  volume = {44},
  number = {11},
  pages = {2618--2630},
  author = {Hannah E. Marx and C{\'{e}}dric Dentant and Julien Renaud and Romain Delunel and David C. Tank and S{\'{e}}bastien Lavergne},
  title = {Riders in the sky (islands): Using a mega-phylogenetic approach to understand plant species distribution and coexistence at the altitudinal limits of angiosperm plant life},
  journal = {Journal of Biogeography}
}

@incollection{Sterner2008,
  year = {2008},
  publisher = {Elsevier},
  pages = {1101--1116},
  author = {R.W. Sterner and J.J. Elser},
  title = {Ecological Stoichiometry: Overview},
  booktitle = {Encyclopedia of Ecology}
}

@book{edwinarendperkins1995,
 Author = {Edwin A. Perkins},
 title = {On the Martingale Problem for Interactive Measure-Valued Branching Diffusions},
 publisher = {Amer Mathematical Society},
 year = {1995},
 month = {may}
}

@article{Barton2017,
  year = {2017},
  month = dec,
  publisher = {Elsevier {BV}},
  volume = {118},
  pages = {50--73},
  author = {N.H. Barton and A.M. Etheridge and A. V{\'{e}}ber},
  title = {The infinitesimal model: Definition,  derivation,  and implications},
  journal = {Theoretical Population Biology}
}

@article{David2019,
  year = {2019},
  month = aug,
  publisher = {Springer Science and Business Media {LLC}},
  volume = {13},
  number = {5},
  pages = {671--684},
  author = {Thomas I. David and Jonathan Storkey and Carly J. Stevens},
  title = {Understanding how changing soil nitrogen affects plant{\textendash}pollinator interactions},
  journal = {Arthropod-Plant Interactions}
}

@article{Parachnowitsch2018,
  year = {2018},
  month = jul,
  publisher = {Oxford University Press ({OUP})},
  volume = {123},
  number = {2},
  pages = {247--261},
  author = {Amy L Parachnowitsch and Jessamyn S Manson and Nina Sletvold},
  title = {Evolutionary ecology of nectar},
  journal = {Annals of Botany}
}

@article{Fridley2017,
  year = {2017},
  month = dec,
  publisher = {Wiley},
  volume = {105},
  number = {1},
  pages = {95--110},
  author = {Jason D. Fridley},
  editor = {David Gibson},
  title = {Plant energetics and the synthesis of population and ecosystem ecology},
  journal = {Journal of Ecology}
}

@article{Lande1983,
  year = {1983},
  month = nov,
  publisher = {{JSTOR}},
  volume = {37},
  number = {6},
  pages = {1210},
  author = {Russell Lande and Stevan J. Arnold},
  title = {The Measurement of Selection on Correlated Characters},
  journal = {Evolution}
}

@article{Chesson2000,
  year = {2000},
  month = nov,
  publisher = {Annual Reviews},
  volume = {31},
  number = {1},
  pages = {343--366},
  author = {Peter Chesson},
  title = {Mechanisms of Maintenance of Species Diversity},
  journal = {Annual Review of Ecology and Systematics}
}

@article{Dawson1975,
  year = {1975},
  month = mar,
  publisher = {Elsevier {BV}},
  volume = {5},
  number = {1},
  pages = {1--52},
  author = {D.A Dawson},
  title = {Stochastic evolution equations and related measure processes},
  journal = {Journal of Multivariate Analysis}
}

@book{jacobschwartz1969,
 Author = {Jacob T. Schwartz},
 title = {Nonlinear Functional Analysis},
 publisher = {Routledge},
 year = {1969},
 month = {jan}
}

@book{peterjagers1975,
 Author = {Peter Jagers},
 title = {Branching processes with biological applications},
 publisher = {Wiley},
 year = {1975},
 month = {jan}
}

@book{theodoreedwardharris1963,
 Author = {Theodore Edward Harris},
 title = {The Theory of Branching Processes},
 publisher = {Springer},
 year = {1963},
 month = {may}
}

@book{Athreya1972,
  year = {1972},
  publisher = {Springer Berlin Heidelberg},
  author = {Krishna B. Athreya and Peter E. Ney},
  title = {Branching Processes}
}

@article{Nuismer2018,
  year = {2018},
  month = oct,
  publisher = {University of Chicago Press},
  volume = {192},
  number = {4},
  pages = {490--502},
  author = {Scott L. Nuismer and Bob Week and Marcelo A. Aizen},
  title = {Coevolution Slows the Disassembly of Mutualistic Networks},
  journal = {The American Naturalist}
}

@article{Nuismer2012,
  year = {2012},
  month = oct,
  publisher = {Wiley},
  volume = {67},
  number = {2},
  pages = {338--354},
  author = {Scott L. Nuismer and Pedro Jordano and Jordi Bascompte},
  title = {Coevolution and the Architecture of Mutualistic Networks},
  journal = {Evolution}
}

@article{Landis2017,
  year = {2017},
  month = nov,
  publisher = {Proceedings of the National Academy of Sciences},
  volume = {114},
  number = {50},
  pages = {13224--13229},
  author = {Michael J. Landis and Joshua G. Schraiber},
  title = {Pulsed evolution shaped modern vertebrate body sizes},
  journal = {Proceedings of the National Academy of Sciences}
}

@article{Nuismer2014,
  year = {2014},
  month = oct,
  publisher = {Wiley},
  volume = {18},
  number = {1},
  pages = {17--27},
  author = {Scott L. Nuismer and Luke J. Harmon},
  editor = {Jerome Chave},
  title = {Predicting rates of interspecific interaction from phylogenetic trees},
  journal = {Ecology Letters}
}

@article{dynkin1991,
author = "Dynkin, E. B.",
fjournal = "The Annals of Probability",
journal = "Ann. Probab.",
month = "07",
number = "3",
pages = "1157--1194",
publisher = "The Institute of Mathematical Statistics",
title = "Branching Particle Systems and Superprocesses",
volume = "19",
year = "1991"
}

@article{Fisher1923,
  year = {1923},
  publisher = {Cambridge University Press},
  volume = {42},
  pages = {321--341},
  author = {R. A. Fisher},
  title = {{XXI}.-On the Dominance Ratio},
  journal = {Proceedings of the Royal Society of Edinburgh}
}

@article {Wright97,
	author = {Wright, Sewall},
	title = {Evolution in Mendelian Populations},
	volume = {16},
	number = {2},
	pages = {97--159},
	year = {1931},
	publisher = {Genetics},
	issn = {0016-6731},
	journal = {Genetics}
}

@article {Kirkpatrick1727,
	author = {Kirkpatrick, Mark and Johnson, Toby and Barton, Nick},
	title = {General Models of Multilocus Evolution},
	volume = {161},
	number = {4},
	pages = {1727--1750},
	year = {2002},
	publisher = {Genetics},
	issn = {0016-6731},
	journal = {Genetics}
}

@article{Patel2019,
  year = {2019},
  month = jun,
  publisher = {Wiley},
  volume = {73},
  number = {8},
  pages = {1533--1548},
  author = {Swati Patel and Reinhard B\"{u}rger},
  title = {Eco-evolutionary feedbacks between prey densities and linkage disequilibrium in the predator maintain diversity},
  journal = {Evolution}
}

@article{Kopp2006,
  year = {2006},
  month = jul,
  publisher = {Wiley},
  volume = {60},
  number = {7},
  pages = {1321--1336},
  author = {Michael Kopp and Sergey Gavrilets},
  title = {Multilocus Gentics and the Coevolution of Quantitative Traits},
  journal = {Evolution}
}

@article{Nuismer2005,
  year = {2005},
  publisher = {The Society for the Study of Evolution},
  volume = {59},
  number = {10},
  pages = {2073},
  author = {Scott L. Nuismer and Michael Doebeli and Danny Browning},
  title = {The Coevolutionary Dynamics of Antagonistic Interactions Mediated by Quantitative Traits with Evolving Variances},
  journal = {Evolution}
}

@article{Nuismer2007,
  year = {2007},
  month = aug,
  publisher = {Wiley},
  volume = {61},
  number = {8},
  pages = {1823--1834},
  author = {Scott L. Nuismer and Benjamin J. Ridenhour and Benjamin P. Oswald},
  title = {Antagonistic Coevolution Mediated by Phenotypic Differenes Between Quantitative Traits},
  journal = {Evolution}
}

@book{bulmer1980,
 Author = {Bulmer},
 title = {The Mathematical Theory of Quantitative Genetics},
 publisher = {Oxford University Press},
 year = {1980},
 month = {nov}
}

@article{Etheridge1991,
  year = {1991},
  month = jun,
  publisher = {Springer},
  volume = {89},
  number = {2},
  pages = {141--147},
  author = {Alison Etheridge and Peter March},
  title = {A note on superprocesses},
  journal = {Probability Theory and Related Fields}
}

@incollection{Perkins1991,
  year = {1991},
  publisher = {Birkh\"{a}user Boston},
  pages = {143--156},
  author = {Edwin A. Perkins},
  title = {Conditional Dawson-Watanabe Processes and Fleming-Viot Processes},
  booktitle = {Seminar on Stochastic Processes,  1991}
}

@article{Kendall1966,
  year = {1966},
  publisher = {Wiley},
  volume = {s1-41},
  number = {1},
  pages = {385--406},
  author = {David G. Kendall},
  title = {Branching Processes Since 1873},
  journal = {Journal of the London Mathematical Society}
}

@book{Kimmel2015,
  year = {2015},
  publisher = {Springer New York},
  author = {Marek Kimmel and David E. Axelrod},
  title = {Branching Processes in Biology}
}

@book{kennethfalconer2014,
 Author = {Kenneth Falconer},
 title = {Fractal Geometry: Mathematical Foundations and Applications},
 publisher = {Wiley},
 year = {2014},
 month = {feb}
}

@article{Guimares2017,
  year = {2017},
  month = oct,
  publisher = {Springer Science and Business Media {LLC}},
  volume = {550},
  number = {7677},
  pages = {511--514},
  author = {Paulo R. Guimar{\~{a}}es and Mathias M. Pires and Pedro Jordano and Jordi Bascompte and John N. Thompson},
  title = {Indirect effects drive coevolution in mutualistic networks},
  journal = {Nature}
}

@article{GuimaresJr2011,
  year = {2011},
  month = jul,
  publisher = {Wiley},
  volume = {14},
  number = {9},
  pages = {877--885},
  author = {Paulo R. Guimar{\~{a}}es and Pedro Jordano and John N. Thompson},
  title = {Evolution and coevolution in mutualistic networks},
  journal = {Ecology Letters}
}

@book{Hofbauer1998,
  year = {1998},
  month = may,
  publisher = {Cambridge University Press},
  author = {Josef Hofbauer and Karl Sigmund},
  title = {Evolutionary Games and Population Dynamics}
}


@article{Lande1982,
  year = {1982},
  month = jun,
  publisher = {Wiley},
  volume = {63},
  number = {3},
  pages = {607--615},
  author = {Russell Lande},
  title = {A Quantitative Genetic Theory of Life History Evolution},
  journal = {Ecology}
}

@article{Lande2007,
  year = {2007},
  month = aug,
  publisher = {Wiley},
  volume = {61},
  number = {8},
  pages = {1835--1846},
  author = {Russell Lande},
  title = {{EXPECTED} {RELATIVE} {FITNESS} {AND} {THE} {ADAPTIVE} {TOPOGRAPHY} {OF} {FLUCTUATING} {SELECTION}},
  journal = {Evolution}
}

@article{Doebeli1996,
  year = {1996},
  month = apr,
  publisher = {Wiley},
  volume = {50},
  number = {2},
  pages = {532--546},
  author = {Michael Doebeli},
  title = {Quantitative Genetics and Population Dynamics},
  journal = {Evolution}
}

@article{Champagnat2006,
  year = {2006},
  month = may,
  publisher = {Elsevier {BV}},
  volume = {69},
  number = {3},
  pages = {297--321},
  author = {Nicolas Champagnat and R{\'{e}}gis Ferri{\`{e}}re and Sylvie M{\'{e}}l{\'{e}}ard},
  title = {Unifying evolutionary dynamics: From individual stochastic processes to macroscopic models},
  journal = {Theoretical Population Biology}
}

@book{stanleyfarlow1993,
 Author = {Stanley J. Farlow},
 title = {Partial Differential Equations for Scientists and Engineers},
 publisher = {Dover},
 year = {1993},
 month = {sep}
}

@article{Schreiber2018,
  year = {2018},
  month = mar,
  publisher = {University of Chicago Press},
  volume = {191},
  number = {3},
  pages = {407--420},
  author = {Sebastian J. Schreiber and Swati Patel and Casey terHorst},
  title = {Evolution as a Coexistence Mechanism: Does Genetic Architecture Matter?},
  journal = {The American Naturalist}
}

@book{kolmogorov1999elements,
  title={Elements of the Theory of Functions and Functional Analysis},
  author={Kolmogorov, A.N. and Fomin, S.V.},
  number={v. 1},
  year={1999},
  publisher={Dover}
}

@article{Dawson1978,
  year = {1978},
  publisher = {Wiley},
  volume = {6},
  number = {2},
  pages = {143--168},
  author = {Donald A. Dawson},
  title = {Geostochastic calculus},
  journal = {Canadian Journal of Statistics}
}

@article{Lande1975,
  year = {1975},
  month = dec,
  publisher = {Cambridge University Press ({CUP})},
  volume = {26},
  number = {3},
  pages = {221--235},
  author = {Russell Lande},
  title = {The maintenance of genetic variability by mutation in a polygenic character with linked loci},
  journal = {Genetical Research}
}

@incollection{Schreiber2017,
  year = {2017},
  publisher = {Springer New York},
  pages = {349--384},
  author = {Sebastian J. Schreiber},
  title = {Coexistence in the Face of Uncertainty},
  booktitle = {Recent Progress and Modern Challenges in Applied Mathematics,  Modeling and Computational Science}
}

@book{Volpert2014,
  year = {2014},
  publisher = {Springer Basel},
  author = {Vitaly Volpert},
  title = {Elliptic Partial Differential Equations},
  subtitle = {Volume 2: Reaction-Diffusion Equations}
}

@book{Henry1981,
  year = {1981},
  publisher = {Springer Berlin Heidelberg},
  author = {Daniel Henry},
  title = {Geometric Theory of Semilinear Parabolic Equations}
}

@article{Park2017,
  year = {2017},
  month = may,
  publisher = {Genetics Society of America},
  volume = {206},
  number = {4},
  pages = {2105--2117},
  author = {Briton Park and Matthew T. Rutter and Charles B. Fenster and V. Vaughan Symonds and Mark C. Ungerer and Jeffrey P. Townsend},
  title = {Distributions of Mutational Effects and the Estimation of Directional Selection in Divergent Lineages {ofArabidopsis} thaliana},
  journal = {Genetics}
}

@article{Lande1995,
  year = {1995},
  month = aug,
  publisher = {Wiley},
  volume = {9},
  number = {4},
  pages = {782--791},
  author = {Russell Lande},
  title = {Mutation and Conservation},
  journal = {Conservation Biology}
}

@article{Case1986,
  year = {1986},
  month = mar,
  publisher = {Wiley},
  volume = {40},
  number = {2},
  pages = {366--387},
  author = {Ted J. Case and Mark L. Taper},
  title = {{ON} {THE} {COEXISTENCE} {AND} {COEVOLUTION} {OF} {ASEXUAL} {AND} {SEXUAL} {COMPETITORS}},
  journal = {Evolution}
}

@incollection{Turelli1980,
  year = {1980},
  publisher = {Springer Berlin Heidelberg},
  pages = {119--129},
  author = {Michael Turelli},
  title = {Niche Overlap and Invasion of Competitors in Random Environments {II}. The Effects of Demographic Stochasticity},
  booktitle = {Biological Growth and Spread}
}

@article{Gomulkiewicz2017,
  year = {2017},
  month = mar,
  publisher = {Wiley},
  volume = {10},
  number = {5},
  pages = {471--484},
  author = {Richard Gomulkiewicz and Stephen M. Krone and Christopher H. Remien},
  title = {Evolution and the duration of a doomed population},
  journal = {Evolutionary Applications}
}